@book{Seale2014,
  author    = {Seale, J.},
  title     = {E-learning and Disability in Higher Education: Accessibility Research and Practice},
  year      = {2014},
  publisher = {Routledge}
}

@inproceedings{Binns2018,
  author    = {Binns, R.},
  title     = {Fairness in Machine Learning: Lessons from Political Philosophy},
  booktitle = {Proceedings of Machine Learning Research},
  year      = {2018}
}

@article{Ferguson2017,
  author  = {Ferguson, C. J.},
  title   = {Everything in Moderation: Moderate Use of Screens and Digital Games Is Not Harmful},
  journal = {American Psychologist},
  volume  = {72},
  number  = {2},
  pages   = {137--150},
  year    = {2017}
}