@book{Seale2014,
  author    = {Seale, J.},
  title     = {E-learning and Disability in Higher Education: Accessibility Research and Practice},
  year      = {2014},
  publisher = {Routledge}
}








@misc{raspberrypi2023,
  author    = {{Raspberry Pi Foundation}},
  title     = {Sense HAT Documentation},
  year      = {2023},
  note      = {Available online: \url{https://www.raspberrypi.org/documentation/hardware/sense-hat/}}
}
@article{Kolling2016,
  author    = {M. KÃ¶lling},
  title     = {Educational Programming on the Raspberry Pi},
  journal   = {MDPI Electronics},
  year      = {2016},
  volume    = {5},
  number    = {3},
  article   = {33},
  doi       = {10.3390/electronics5030033},
   note ={available online :\url{https://www.mdpi.com/2079-9292/5/3/33}=
}

 
}
@article{Saha2016,
  author    = {S. K. Saha and S. K. Ghosh and S. K. Saha},
  title     = {2D-Game Development using Raspberry Pi},
  journal   = {International Journal of Computer Applications},
  year      = {2016},
  volume    = {141},
  number    = {9},
  pages     = {1-5},
   note ={available online :\url{https://www.researchgate.net/publication/305686151_2D-game_development_using_Raspberry_Pi}}
}



